@incollection{NIPS2015_5782,
    title = {{Character-level Convolutional Networks for Text Classification}},
    year = {2015},
    booktitle = {Advances in Neural Information Processing Systems 28},
    author = {Zhang, Xiang and Zhao, Junbo and LeCun, Yann},
    editor = {Cortes, C and Lawrence, N D and Lee, D D and Sugiyama, M and Garnett, R},
    pages = {649--657},
    publisher = {Curran Associates, Inc.},
    url = {http://papers.nips.cc/paper/5782-character-level-convolutional-networks-for-text-classification.pdf}
}

@phdthesis{DalPozzolo2015AdaptiveDetection,
    title = {{Adaptive Machine Learning for Credit Card Fraud Detection}},
    year = {2015},
    author = {Dal Pozzolo, Andrea},
    url = {http://di.ulb.ac.be/map/adalpozz/pdf/Dalpozzolo2015PhD.pdf},
    school = {Universit{\'{e}} Libre de Bruxelles}
}

@article{Karpathy2017DeepDescriptions,
    title = {{Deep Visual-Semantic Alignments for Generating Image Descriptions}},
    year = {2017},
    journal = {IEEE Transactions on Pattern Analysis and Machine Intelligence},
    author = {Karpathy, Andrej and Fei-Fei, Li},
    number = {4},
    month = {4},
    pages = {664--676},
    volume = {39},
    publisher = {IEEE Computer Society},
    doi = {10.1109/TPAMI.2016.2598339},
    issn = {01628828},
    keywords = {Image captioning, deep neural networks, language model, recurrent neural network, visual-semantic embeddings}
}

@misc{Abdulkader2016IntroducingEngineering,
    title = {{Introducing DeepText: Facebook's text understanding engine - Facebook Engineering}},
    year = {2016},
    author = {Abdulkader, Ahmad and Lakshmiratan, Aparna and Zhang, Joy},
    url = {https://engineering.fb.com/core-data/introducing-deeptext-facebook-s-text-understanding-engine/}
}

@article{Fridman2019MITAutomation,
    title = {{MIT Advanced Vehicle Technology Study: Large-Scale Naturalistic Driving Study of Driver Behavior and Interaction With Automation}},
    year = {2019},
    journal = {IEEE Access},
    author = {Fridman, Lex and Brown, Daniel E. and Glazer, Michael and Angell, William and Dodd, Spencer and Jenik, Benedikt and Terwilliger, Jack and Patsekin, Aleksandr and Kindelsberger, Julia and Ding, Li and Seaman, Sean and Mehler, Alea and Sipperley, Andrew and Pettinato, Anthony and Seppelt, Bobbie D. and Angell, Linda and Mehler, Bruce and Reimer, Bryan},
    month = {7},
    pages = {102021--102038},
    volume = {7},
    publisher = {Institute of Electrical and Electronics Engineers (IEEE)},
    url = {https://arxiv.org/abs/1711.06976},
    doi = {10.1109/access.2019.2926040},
    arxivId = {1711.06976}
}

@techreport{Vinyals2017StarCraftLearning,
    title = {{StarCraft II: A New Challenge for Reinforcement Learning}},
    year = {2017},
    author = {Vinyals, Oriol and Ewalds, Timo and Bartunov, Sergey and Georgiev, Petko and Vezhnevets, Alexander Sasha and Yeo, Michelle and Makhzani, Alireza and K{\"{u}}ttler, Heinrich and Agapiou, John and Schrittwieser, Julian and Quan, John and Gaffney, Stephen and Petersen, Stig and Simonyan, Karen and Schaul, Tom and van Hasselt, Hado and Silver, David and Lillicrap, Timothy and Calderone, Kevin and Keet, Paul and Brunasso, Anthony and Lawrence, David and Ekermo, Anders and Repp, Jacob and Tsing, Rodney},
    url = {https://en.wikipedia.org/wiki/Professional_StarCraft_competition http://arxiv.org/abs/1708.04782},
    institution = {Google DeepMind},
    arxivId = {1708.04782}
}

@misc{Zlocha2019UniversalScans,
    title = {{Universal Lesion Detector: Deep Learning for Analysing Medical Scans}},
    year = {2019},
    author = {Zlocha, Martin and Glocker, Ben},
    url = {https://www.imperial.ac.uk/media/imperial-college/faculty-of-engineering/computing/public/1819-ug-projects/ZlochaM-Universal-Lesion-Detector-Deep-Learning-for-Analysing-Medical-Scans.pdf},
    institution = {Imperial College London}
}